<?xml version="1.0" encoding="UTF-8"?><collection xmlns="http://www.loc.gov/MARC21/slim"><record><leader>00390nam--2200145-i-4500</leader><controlfield tag="001">000020789</controlfield><controlfield tag="002">20161230</controlfield><controlfield tag="005">20161230201033</controlfield><controlfield tag="008">060222s1000------------r-----000-0-eng-d</controlfield><datafield ind1=" " ind2=" " tag="080"><subfield code="a">681.3.06</subfield></datafield><datafield ind1=" " ind2=" " tag="245"><subfield code="a">Concurrent prolog.collected papers</subfield></datafield><datafield ind1=" " ind2=" " tag="260"><subfield code="a">Cambridge, The Mit Press, 1987.Xxix + 525 P</subfield></datafield><datafield ind1=" " ind2=" " tag="490"><subfield code="a">Mit Press Serie In Logic Programming</subfield></datafield><datafield ind1=" " ind2=" " tag="700"><subfield code="a">Shapiro, Ehud</subfield></datafield><datafield ind1=" " ind2=" " tag="852"><subfield code="a">74682</subfield></datafield></record></collection>